@inproceedings{zheng2002answerbus,
  title={AnswerBus question answering system},
  author={Zheng, Zhiping},
  booktitle={Human Language Technology Conference (HLT 2002)},
  volume={27},
  year={2002}
}

@inproceedings{brill2002analysis,
  title={An analysis of the AskMSR question-answering system},
  author={Brill, Eric and Dumais, Susan and Banko, Michele},
  booktitle={Proceedings of the ACL-02 conference on Empirical methods in natural language processing-Volume 10},
  pages={257--264},
  year={2002},
  organization={Association for Computational Linguistics}
}

@article{voorhees2001trec,
  title={The TREC question answering track},
  author={Voorhees, Ellen M},
  journal={Natural Language Engineering},
  volume={7},
  number={4},
  pages={361--378},
  year={2001},
  publisher={Cambridge University Press}
}

@article{lapshin2012question,
  title={Question-answering systems: Development and prospects},
  author={Lapshin, VA},
  journal={Automatic Documentation and Mathematical Linguistics},
  volume={46},
  number={3},
  pages={138--145},
  year={2012},
  publisher={Springer}
}

@inproceedings{li2002learning,
  title={Learning question classifiers},
  author={Li, Xin and Roth, Dan},
  booktitle={Proceedings of the 19th international conference on Computational linguistics-Volume 1},
  pages={1--7},
  year={2002},
  organization={Association for Computational Linguistics}
}

@article{restrictedWeather,
  title={A Practical QA System in Restricted Domains},
  author={Chung, Hoojung and Song, Young-In and Han, Kyoung-Soo and  Kim, Soo-Hong, and  Yoon, Do-Sang and Lee, Joo-Young and Rim, Hae-Chang},
  booktitle={Workshop on Question Answering in Restricted Domains. 42nd Annual Meeting of the Association for Computational Linguistics},
  volume={7},
  pages={39--45},
  year={2004}
}